%
% bib file for gender gap paper
%


@article{axelrod1972votes,
  title={Where the Votes Come From: An Analysis of Electoral Coalitions, 1952--1968},
  author={Axelrod, Robert},
  journal={American Political Science Review},
  volume={66},
  number={1},
  pages={11--20},
  year={1972},
  publisher={Cambridge Univ Press}
}


@article{bafumi2009new,
  title={A New Partisan Voter},
  author={Bafumi, Joseph and Robert Y. Shapiro},
  journal={Journal of Politics},
  volume={71},
  number={1},
  pages={1--24},
  year={2009},
  publisher={Cambridge Univ Press}
}

@article{bartels2000partisanship,
  title={Partisanship and Voting Behavior, 1952-1996},
  author={Bartels, Larry M},
  journal={American Journal of Political Science},
  colume = {44},
  number = {1},
  pages={35--50},
  year={2000},
}


@article{box2004dynamics,
  title={The Dynamics of the Partisan Gender Gap},
  author={Box-Steffensmeier, Janet M. and De Boef, Suzanna and Lin, Tse-Min},
  journal={American Political Science Review},
  volume={98},
  number={3},
  pages={515--528},
  year={2004},
  publisher={Cambridge Univ Press}
}

@incollection{campbell1966classification,
  title = {A Classification of Presidential Elections},
  author = {Campbell, Angus},
  booktitle = {Elections and the Political Order},
  editor = {Campbell, Angus and Converse, Philip E. and Miller, Warren E. and Stokes, Donald E.},
  year = {1966},
  publisher = {New York, NY: John Wiley}
}

@article{carpenter2016stan,
  title={Stan: A probabilistic programming language},
  author={Carpenter, Bob and Gelman, Andrew and Hoffman, Matt and Lee, Daniel and Goodrich, Ben and Betancourt, Michael and Brubaker, Michael A and Guo, Jiqiang and Li, Peter and Riddell, Allen},
  journal={Journal of Statistical Software},
  volume={20},
  pages={1--37},
  year={2016}
}


@incollection{carroll2013voting,
  title={Voting Choices: How and Why the Gender Gap Matters},
  author={Carroll, Susan J},
  booktitle={Gender and Elections: Shaping the Future of American Politics},
  editor = {Carroll, Susan J. and Richard L. Fox},
  publisher = {New York, NY: Cambridge University Press},
  pages={119--45},
  year={2013}
}



@article{chaney1998explaining,
  title={Explaining the Gender Gap in US presidential elections, 1980-1992},
  author={Chaney, Carole Kennedy and Alvarez, R. Michael and Jonathan Nagler},
  journal={Political Research Quarterly},
  volume={51},
  number={2},
  pages={311--339},
  year={1998},
  publisher={Sage Publications}
}


@article{conover1988,
   title={Feminists and the Gender Gap},
   author={Conover, Pamela Johnston},
   journal={Journal of Politics},
   volume={50},
   number={4},
   pages={985--1010},
   year={1988}
}


@incollection{converse1966normalvote,
  title={The Concept of a Normal Vote},
  author={Converse, Philip E.},
  booktitle={Elections and the Political Order},
  editor = {Campbell, Angus and Converse, Philip E. and Miller, Warren E. and Stokes, Donald E.},
  year={1966},
  publisher={New York, NY: John Wiley}
}



\begin{comment}
@article{denardo1980turnout,
  title={Turnout and the Vote: The Joke's on the Democrats},
  author={DeNardo, James},
  journal={American Political Science Review},
  volume={74},
  number={2},
  pages={406--420},
  year={1980},
  publisher={Cambridge Univ Press}
}
\end{comment}



@article{edlund2002,
  title={Why Have Women Become Left-Wing? The Political Gender Gap and the Decline in Marriage},
  author={Edlund, Lena and Rohini Pande},
  journal={Quarterly Journal of Economics},
  volume={117},
  number={3},
  pages={917--961},
  year={2002}
}

@book{flanigan2015,
 title={Political Behavior of the American Electorate. 13th ed.},
 author={Flanigan, William H. and Zingale,  Nancy H.  and Theiss-Morse, Elizabeth A. and Wagner, Michael W.},
 year={2015},
 publisher={Thousand Oaks, CA:Sage Publishing}
}

@article{gillionetal,
 title={Party Polarization, Ideological Sorting, and the Emergence of the U.S. Partisan Gender Gap},
 author={Gillion, Daniel Q. and Jonathan M. Ladd and Marc Meredith},
 year={Forthcoming},
 journal = {British Journal of Political Science}
}

@book{hajnal2011americans,
  title={Why Americans Don't Join the Party: Race, Immigration, and the Failure (of Political Parties) to Engage the Electorate},
  author={Hajnal, Zoltan L. and Lee, Taeku},
  year={2011},
  publisher={Princeton University Press}
}

@article{hetherington2001resurgent,
  title={Resurgent Mass Partisanship: The Role of Elite Polarization},
  author={Hetherington, Marc J.},
  volume={95},
  number={03},
  pages={619--631},
  year={2001},
  journal={American Political Science Review}
}

@book{hillygus2014persuadable,
  title={The Persuadable Voter: Wedge Issues in Presidential Campaigns},
  author={Hillygus, D. Sunshine and Todd G. Shields},
  year={2014},
  publisher={Princeton, NJ: Princeton University Press}
}


@article{huber2007identifying,
  title={Identifying the Persuasive Effects of Presidential Advertising},
  author={Huber, Gregory A. and Kevin Arceneaux},
  journal={American Journal of Political Science},
  volume={51},
  number={4},
  pages={957--977},
  year={2007},
  publisher={Wiley Online Library}
}


@article{kaufmann2002culture,
  title={Culture Wars, Secular Realignment, and the Gender Gap in Party Identification},
  author={Kaufmann, Karen M},
  journal={Political Behavior},
  volume={24},
  number={3},
  pages={283--307},
  year={2002},
  publisher={Springer}
}

@article{kaufmann2006ps,
  title={The Gender Gap},
  author={Kaufmann, Karen M.},
  journal={PS: Political Science and Politics},
  volume={39},
  number={3},
  pages={447--453},
  year={2006}
}

@article{kaufmann1999changing,
  title={The Changing Politics of American Men: Understanding the Sources of the Gender Gap},
  author={Kaufmann, Karen M and Petrocik, John R},
  journal={American Journal of Political Science},
  pages={864--887},
  year={1999},
  publisher={JSTOR}
}

@book{keith1992myth,
  title={The Myth of the Independent Voter},
  author={Keith, Bruce E. and Magleby, David B. and Nelson, Candice J. and Orr, Elizabeth and Westlye, Mark C. and Wolfinger, Raymond E.},
  publisher={Berkeley, CA: University of California Press.},
  year={1992}
}

@book{klar2016independent,
  title={Independent Politics: How American Disdain for Parties Leads to Political Inaction},
  author={Klar, Samara and Krupnikov, Yanna},
  year={2016},
  publisher={New York, NY: Cambridge University Press}
}


@article{levendusky2008measuring,
  title={Measuring District-Level Partisanship with Implications for the Analysis of US Elections},
  author={Levendusky, Matthew S and Pope, Jeremy C. and Jackman, Simon D.},
  journal={Journal of Politics},
  volume={70},
  number={3},
  pages={736--753},
  year={2008},
  publisher={Cambridge University Press New York, USA}
}


@book{levendusky2009sort,
  title={The Partisan Sort: How Liberals Became Democrats and Conservatives Became Republicans},
  author={Levendusky, Matthew},
  year={2009},
  publisher={Chicago, IL: University of Chicago Press}
}


@article{Link2011,
  doi = {10.1111/j.2041-210x.2011.00131.x},
  url = {https://doi.org/10.1111/j.2041-210x.2011.00131.x},
  year  = {2011},
  month = {jun},
  publisher = {Wiley},
  volume = {3},
  number = {1},
  pages = {112--115},
  author = {William A. Link and Mitchell J. Eaton},
  title = {On thinning of chains in {MCMC}},
  journal = {Methods in Ecology and Evolution}
}


@article{manza1998gender,
  title={The Gender Gap in US Presidential Elections: When? Why? Implications?},
  author={Manza, Jeff and Clem Brooks},
  journal={American Journal of Sociology},
  volume={103},
  number={5},
  pages={1235--1266},
  year={1998},
  publisher={JSTOR}
}



@book{uggen2006locked,
  title={Locked Out: Felon Disenfranchisement and American Democracy},
  author={Manza, Jeff and Uggen, Christopher},
  year={2006},
  publisher={New York, NY: Oxford University Press}
}


@book{miller1996new,
  title={The New American Voter},
  author={Miller, Warren E. and Shanks, J. Merrill},
  year={1996},
  publisher={Harvard University Press Cambridge, MA}
}





@article{norrander1997independence,
  title={The Independence Gap and the Gender Gap},
  author={Norrander, Barbara},
  journal={Public Opinion Quarterly},
  volume = {61},
  number = {3},
  pages={464--476},
  year={1997},
  publisher={JSTOR}
}


@article{norrander1999evolution,
  title={The Evolution of the Gender Gap},
  author={Norrander, Barbara},
  journal={Public Opinion Quarterly},
  volume={63},
  number={4},
  pages={566--576},
  year={1999},
  publisher={JSTOR}
}



@incollection{norris2003,
  title={The Gender Gap: Old Challenges, New Approaches},
  author={Norris, Pippa},
  booktitle={Women and American Politics: New Questions, New Directions},
  editor={Susan J. Carroll},
  year={2003},
  publisher={New York, NY: Oxford University Press}
}


@incollection{ondercin2018,
  title={The Evoluation of Women's (and Men's) Partisan Attachments},
  author={Ondercin, Heather R.},
  booktitle={100 years of the Nineteenth Amendment: An Appraisal of Women's Political Activism},
  editor={McCammon, Holly J. and Banaszak, Lee Ann},
  year={2018},
  publisher={New York, NY: Oxford University Press}
}  


@article{pomper1967classification,
  title={Classification of Presidential Elections},
  author={Pomper, Gerald},
  journal={Journal of Politics},
  volume={29},
  number={03},
  pages={535--566},
  year={1967},
  publisher={Cambridge Univ Press}
}



@article{petrocik_measuring_2009,
  title = {Measuring Party Support: Leaners are not Independents},
  volume = {28},
  issn = {02613794},
  shorttitle = {Measuring party support},
  url = {http://linkinghub.elsevier.com/retrieve/pii/S0261379409000511},
  doi = {10.1016/j.electstud.2009.05.022},
  language = {en},
  number = {4},
  urldate = {2015-04-16},
  journal = {Electoral Studies},
  author = {Petrocik, John R.},
  month = {Dec},
  year = {2009},
  pages = {562--572},
  file = {petrocik on leaners.pdf:/Users/michaeldecrescenzo/Library/Application Support/Zotero/Profiles/jf2xgft9.default/zotero/storage/Z5CPFW45/petrocik on leaners.pdf:application/pdf}
}



@book{claggettshafer1995twomajorities,
  title={The Two Majorities: The Issue Context of Modern American Politics},
  author={Shafer, Byron E. and Claggett, William J.M.},
  year={1995},
  publisher={Baltimore, MD: Johns Hopkins University Press}
}


@article{stanley2006partisanship,
  title={Partisanship, Party Coalitions, and Group Support, 1952-2004},
  author={Stanley, Harold W and Niemi, Richard G},
  journal={Presidential Studies Quarterly},
  volume={36},
  number={2},
  pages={172--188},
  year={2006},
  publisher={Wiley Online Library}
}


@article{stanley1986partisanship,
  title={Partisanship and Group Support over Time: A Multivariate Analysis},
  author={Stanley, Harold W. and Bianco, William T. and Niemi, Richard G.},
  journal={American Political Science Review},
  volume={80},
  number={3},
  pages={969--976},
  year={1986},
  publisher={Cambridge Univ Press}
}



@book{verba1995voice,
  title={Voice and Equality: Civic Voluntarism in American Politics},
  author={Verba, Sidney and Schlozman, Kay Lehman and Brady, Henry E},
  volume={4},
  year={1995},
  publisher={Cambridge Univ Press}
}




@article{wirls1986reinterpreting,
  title={Reinterpreting the Gender Gap},
  author={Wirls, Daniel},
  journal={Public Opinion Quarterly},
  volume={50},
  number={3},
  pages={316--330},
  year={1986},
  publisher={AAPOR}
}


@book{wolfinger1980votes,
  title={Who Votes?},
  author={Wolfinger, Raymond E and Rosenstone, Steven J},
  volume={22},
  year={1980},
  publisher={Yale University Press}
}

@article{zingher2014analysis,
  title={An Analysis of the Changing Social Bases of America's Political Parties: 1952--2008},
  author={Zingher, Joshua N.},
  journal={Electoral Studies},
  volume={35},
  pages={272--282},
  year={2014},
  publisher={Elsevier}
}


